<?xml version="1.0" encoding="UTF-8"?><record xmlns="http://www.loc.gov/MARC21/slim" xmlns:cinclude="http://apache.org/cocoon/include/1.0" xmlns:zs="http://www.loc.gov/zing/srw/">
  <leader>00380nz  a2200121n  4500</leader>
  <controlfield tag="001">n  98106854 </controlfield>
  <controlfield tag="003">DLC</controlfield>
  <controlfield tag="005">19981203095318.8</controlfield>
  <controlfield tag="008">981203n| acannaab|          |n aaa |||  </controlfield>
  <datafield tag="010" ind1=" " ind2=" ">
    <subfield code="a">n  98106854 </subfield>
  </datafield>
  <datafield tag="040" ind1=" " ind2=" ">
    <subfield code="a">DLC</subfield>
    <subfield code="c">DLC</subfield>
  </datafield>
  <datafield tag="100" ind1="1" ind2="0">
    <subfield code="a">Pollak, Johannes,</subfield>
    <subfield code="d">1969-</subfield>
  </datafield>
  <datafield tag="670" ind1=" " ind2=" ">
    <subfield code="a">Zur politischen IdentitaĚt der EuropaĚischen Staatengemeinschaft, c1998:</subfield>
    <subfield code="b">t.p. (Johannes Pollak) cover p. 4 (b. 1969)</subfield>
  </datafield>
</record>